

@movie{paul,
	title =   {Paul},
	director = {Greg Mottola},
	writer = {Simon Pegg and Nick Frost},
	year = {2011},
	publisher = {Universal Pictures and Relativity Media and Working Title Films, USA}
}

@movie{predator,
	title =   {Predator},
	director = {John McTiernan},
	writer = {Jim Thomas and John Thomas},
	year = {1987},
	publisher = {Twentieth Century Fox and Lawrence Gordon Productions and Silver Pictures, USA}
}

@movie{predator2,
	title =   {Predator 2},
	director = {Stephen Hopkins},
	writer = {Jim Thomas and John Thomas},
	year = {1990},
	publisher = {Davis Entertainment and Lawrence Gordon Productions and Silver Pictures, USA}
}

@video{ricknmorty,
	title =   {Rick and Morty},
	writer = {Dan Harmon and Justin Roiland},
	year = {2013},
	publisher = {Harmonius Claptrap and Justin Roiland's Solo Vanity Card Productions and Starburns Industries, USA}
}

@movie{powerrangers,
	title =   {Power Rangers},
	director = {Dean Israelite},
	writer = {John Gatins and Matt Sazama},
	year = {2017},
	publisher = {Lionsgate and Saban Brands and Saban Films, USA}
}


@movie{terminator2,
	title =   {Terminator 2: Judgement Day},
	director = {James Cameron},
	writer = {James Cameron and William Wisher},
	year = {1991},
	publisher = {Carolco Pictures and Pacific Western, Lightstorm Entertainment, USA}
}

@movie{thor,
	title =   {Thor},
	director = {Kenneth Branagh},
	writer = {Ashley Miller and Zack Stentz},
	year = {2011},
	publisher = {Paramount Pictures and Marvel Entertainment and Marvel Studios, USA}
}


@movie{xmen,
	title =   {X-Men},
	director = {Bryan Singer},
	writer = {Tom DeSanto and Bryan Singer},
	year = {2000},
	publisher = {Twentieth Century Fox, Marvel Enterprises, Donners' Company, USA}
}



%Rick and Morty, dir. J. Roiland, writ. R. Ridley, in The Rickshank Rickdemption, s. 3, prod. D. Harmon, J. Roiland, J. Fino, USA, 2017.



@movie{alien,
	title =   {Alien},
	director = {Ridley Scott},
	writer = {Dan O'Bannon},
	year = {1979},
	publisher = {20th Century Fox and Brandywine Productions, USA}
}

@movie{aliens,
	title =   {Aliens},
	director = {James Cameron},
	writer = {James Cameron and David Giller},
	year = {1986},
	publisher = {20th Century Fox and Brandywine Productions and SLM Production Group, USA}
}

@movie{alien3,
	title =   {Alien{$^{3}$}},
	director = {David Fincher},
	writer = {Dan O'Bannon and Ronald Shusett},
	year = {1992},
	publisher = {20th Century Fox and Brandywine Productions and SLM Production Group, USA}
}

@movie{ant-man,
	title =   {Ant-Man},
	director = {Peyton Reed},
	writer = {Edgar Wright and Joe Cornish},
	year = {2015},
	publisher = {USA: 20th Century Fox and Brandywine Productions and SLM Production Group}
}

@movie{aquaman,
	title = {Aquaman},
	director = {James Wan},
	writer = {David Leslie Johnson-McGoldrick and Will Beall},
	year = {2018},
	publisher = {DC Comics and DC Entertainment and Panoramic Pictures}
}

@movie{flashgordon,
	title =   {Flash Gordon},
	director = {Mike Hodges},
	writer = {Lorenzo Semple Jr. and Michael Allin},
	year = {1980},
	publisher = {Starling Films and Dino De Laurentiis Company and Famous Films}
}


@movie{fifthelement,
	title =   {Fifth Element},
	director = {Luc Besson},
	writer = {Luc Besson and Robert Mark Karmen},
	year = {1997},
	publisher = {Gaumont}
}


@movie{honeyishrunkthekids,
	title =   {Honey, I Shrunk the Kids},
	director = {Joe Johnston},
	writer = {Stuart Gordon and Brian Yuzna},
	year = {1989},
	publisher = {Walt Disney Pictures and Silver Screen Partners III and Doric Productions}
}
@movie{pacificrim,
	title =   {Pacific Rim},
	director = {Guillermo del Toro},
	writer = {Travis Beacham and Guillermo del Toro},
	year = {2013},
	publisher = {Warner Bros and Legendary Entertainment and Double Dare You(DDY) }
}


@book{thinkingexperience,
	author = "H. H. Price",
	title = "Thinking and Experience",
	year = "1953",
	publisher = "Harvard University Press, Cambridge"
}


@book{metaphysicscontemporaryintro,
	author = "Michael J. Loux",
	title = "Metaphysics: A Contemporary Introduction",
	year = "1998",
	publisher = "Routledge, London"
}

@book{pluralityworlds,
	author = "David Lewis",
	title = "On the Plurality of Worlds",
	publisher = "Blackwell Publishing, Oxford",
	year = "2001"
}


@book{inventingrightwrong,
	author = "John Leslie Mackie",
	title = "Inventing Right and Wrong",
	year = "1997",
	publisher = "Penguin Books, England"
}


@article{genuinerealisttheory,
	author = "John Divers",
	title = "A Genuine Realist Theory of Advanced Modalizing",
	year = "1999",
	pages = "217â€“240",
	month = "april",
	journaltitle = "Mind",
	uri = "https://academic.oup.com/mind/article-abstract/108/430/217/975258?redirectedFrom=fulltext",
	volume = "108",
	publisher = "Harvard University Press, Cambridge"
}


@article{twokindsmentalrealism,
	author = "Tam\'{a}s Demeter",
	title = "Two Kinds of Mental Realism",
	year = "2009",
	pages = "40:59-71",
	uri = "https://www.researchgate.net/profile/Tamas_Demeter2/publication/41554923_Two_Kinds_of_Mental_Realism/links/0deec53247f5a4ae21000000.pdf",
	month = "august",
	journaltitle = "Journal for General Philosophy of Science",
	volume = "30",
	publisher = "Harvard University Press, Cambridge"
}


